<collection>
<record>
<leader>04297cpcaa22005897a 4500</leader>
<controlfield tag="001">16569838</controlfield>
<controlfield tag="005">20230331084556.0</controlfield>
<controlfield tag="008">101207i19201960nyu yid </controlfield>
<datafield ind1=" " ind2=" " tag="906">
<subfield code="a">7</subfield>
<subfield code="b">cbc</subfield>
<subfield code="c">orignew</subfield>
<subfield code="d">u</subfield>
<subfield code="e">ncip</subfield>
<subfield code="f">20</subfield>
<subfield code="g">y-folklife</subfield>
</datafield>
<datafield ind1=" " ind2=" " tag="955">
<subfield code="a">mkru 2010-12-07; cker 2011-03-21;</subfield>
<subfield code="a">mseg 2013-01-03</subfield>
<subfield code="a">mkru 2016-06-16</subfield>
<subfield code="a">mseg 2016-06-17</subfield>
<subfield code="a">mseg 2016-06-24</subfield>
<subfield code="a">mseg 2017-05-28</subfield>
<subfield code="a">mseg 2017-06-09</subfield>
<subfield code="a">mseg 2017-07-07</subfield>
<subfield code="a">mseg 2017-07-17</subfield>
<subfield code="a">mseg 2017-08-10</subfield>
<subfield code="a">mseg 2017-08-27</subfield>
<subfield code="a">mseg 2019-03-22</subfield>
<subfield code="a">mseg 2019-05-07</subfield>
<subfield code="a">mseg 2019-05-16</subfield>
<subfield code="a">kere 2019-05-21</subfield>
<subfield code="a">ahoo 2019-07-02</subfield>
<subfield code="a">sludewig 2023-03-01</subfield>
<subfield code="a">sludewig 2023-03-31</subfield>
</datafield>
<datafield ind1=" " ind2=" " tag="010">
<subfield code="a"> 2010655233</subfield>
</datafield>
<datafield ind1=" " ind2=" " tag="040">
<subfield code="a">DLC</subfield>
<subfield code="c">DLC</subfield>
<subfield code="e">dacs</subfield>
<subfield code="d">DLC</subfield>
</datafield>
<datafield ind1=" " ind2=" " tag="041">
<subfield code="a">yid</subfield>
<subfield code="a">eng</subfield>
<subfield code="d">yid</subfield>
<subfield code="d">eng</subfield>
<subfield code="d">rus</subfield>
<subfield code="d">heb</subfield>
<subfield code="d">ita</subfield>
</datafield>
<datafield ind1=" " ind2=" " tag="043">
<subfield code="a">n-us---</subfield>
</datafield>
<datafield ind1=" " ind2=" " tag="090">
<subfield code="a">
IDA 00863 (6 1/2-inch sound discs); IDB 46141, IDB 50232-50245, IDB 51443-51672, IDB 51711-51721 (8, 10, 12-inch sound discs); IDC 57625-57641, IDC 57643-57709, IDC 57716-57724, IDC 63795-64304, IDC 64643-64700, IDC 64888-64920, IDC 65005-65439 (16-inch sound discs); NCPC 40589-40591, NCPC 42821 (16 in. vinyl discs)
</subfield>
</datafield>
<datafield ind1=" " ind2=" " tag="090">
<subfield code="a">
RAA 54342-54357, RAA 54752-54851, RAA 56162-56298, RAA 56430-56462, RAA 57915-58020, RAA 58043-58195 (10-inch sound reels); RXG 6973-6975, RXH 1989; RXJ 4925 (7-inch sound reels)
</subfield>
</datafield>
<datafield ind1=" " ind2=" " tag="090">
<subfield code="a">AFC 2010/003</subfield>
</datafield>
<datafield ind1="0" ind2="0" tag="245">
<subfield code="a">Henry Sapoznik collection,</subfield>
<subfield code="f">circa 1920-1960.</subfield>
</datafield>
<datafield ind1=" " ind2=" " tag="300">
<subfield code="a">8400</subfield>
<subfield code="f">items ;</subfield>
<subfield code="a">26</subfield>
<subfield code="f">containers (not including AV)</subfield>
<subfield code="a">13.75</subfield>
<subfield code="f">linear feet.</subfield>
</datafield>
<datafield ind1=" " ind2=" " tag="300">
<subfield code="a">1401 sound discs :</subfield>
<subfield code="b">analog ;</subfield>
<subfield code="c">16 in. and various sizes.</subfield>
</datafield>
<datafield ind1=" " ind2=" " tag="300">
<subfield code="a">546 sound tape reels :</subfield>
<subfield code="b">analog ;</subfield>
<subfield code="c">10 in.</subfield>
</datafield>
<datafield ind1=" " ind2=" " tag="300">
<subfield code="a">4 sound tape reels :</subfield>
<subfield code="b">analog ;</subfield>
<subfield code="c">7 in.</subfield>
</datafield>
<datafield ind1=" " ind2=" " tag="300">
<subfield code="a">2 optical sound discs (SR1403-1404)</subfield>
</datafield>
<datafield ind1=" " ind2=" " tag="300">
<subfield code="a">84 photographs :</subfield>
<subfield code="b">black and white, color ;</subfield>
<subfield code="c">various sizes.</subfield>
</datafield>
<datafield ind1=" " ind2=" " tag="300">
<subfield code="a">artifacts</subfield>
<subfield code="a">3 items.</subfield>
</datafield>
<datafield ind1=" " ind2=" " tag="500">
<subfield code="a">
2022 accrual extent: 83 sound tape reels (10 in.); 53 sound cassettes (DAT); 1 sound cassette (ADAT); 4 sound cassettes, 121 digital files.
</subfield>
</datafield>
<datafield ind1=" " ind2=" " tag="545">
<subfield code="a">
Henry Sapoznik was born in Brooklyn, New York City, in 1953. He is an author, record and radio producer, scholar, and performer of klezmer music. He directed the Mayrent Institute for Yiddish Culture at the University of Wisconsin, Madison, until his retirement in 2017.
</subfield>
</datafield>
<datafield ind1=" " ind2=" " tag="520">
<subfield code="a">
Collection of Yiddish radio broadcasts on transcription discs and audio tape; plus sheet music, manuscripts and photographs documenting Yiddish culture, theater, and music, primarily in the New York City area, but also including documentation from other parts of the United States, from the 1920s to circa 1960, collected by Henry Sapoznik. Manuscripts include correspondence, manuscript music, photocopies, and other material.
</subfield>
</datafield>
<datafield ind1="8" ind2=" " tag="524">
<subfield code="a">
Henry Sapoznik collection (AFC 2010/003), Archive of Folk Culture, American Folklife Center, Library of Congress, Washington, D.C.
</subfield>
</datafield>
<datafield ind1="1" ind2=" " tag="506">
<subfield code="a">
Collection is open for research. Access to recordings may be restricted. To request materials, please contact the Folklife Reading Room at
</subfield>
<subfield code="u">http://hdl.loc.gov/loc.afc/folklife.contact</subfield>
</datafield>
<datafield ind1=" " ind2=" " tag="540">
<subfield code="a">
Duplication of the collection materials may be governed by copyright and other restrictions.
</subfield>
</datafield>
<datafield ind1=" " ind2=" " tag="541">
<subfield code="a">Henry Sapoznik;</subfield>
<subfield code="d">2010.</subfield>
</datafield>
<datafield ind1=" " ind2=" " tag="546">
<subfield code="a">
Sound recordings in Yiddish and English, with a small amount of Russian, Hebrew and Italian; manuscripts in Yiddish and English.
</subfield>
</datafield>
<datafield ind1="0" ind2=" " tag="555">
<subfield code="a">Finding aid is available online</subfield>
<subfield code="u">http://hdl.loc.gov/loc.afc/eadafc.af019003</subfield>
</datafield>
<datafield ind1=" " ind2="0" tag="650">
<subfield code="a">Radio broadcasting, Yiddish</subfield>
<subfield code="z">New York (State)</subfield>
<subfield code="z">New York.</subfield>
</datafield>
<datafield ind1=" " ind2="0" tag="650">
<subfield code="a">Radio broadcasting, Yiddish</subfield>
<subfield code="z">United States.</subfield>
</datafield>
<datafield ind1=" " ind2="0" tag="650">
<subfield code="a">Songs, Yiddish.</subfield>
</datafield>
<datafield ind1=" " ind2="0" tag="650">
<subfield code="a">Theater, Yiddish.</subfield>
</datafield>
<datafield ind1=" " ind2="0" tag="650">
<subfield code="a">Folk songs, Yiddish.</subfield>
</datafield>
<datafield ind1=" " ind2="0" tag="650">
<subfield code="a">Authors, Yiddish.</subfield>
</datafield>
<datafield ind1=" " ind2="0" tag="650">
<subfield code="a">Jews</subfield>
<subfield code="z">New York (State)</subfield>
<subfield code="z">New York</subfield>
<subfield code="x">Social life and customs.</subfield>
</datafield>
<datafield ind1=" " ind2="0" tag="650">
<subfield code="a">Ethnic radio broadcasting</subfield>
<subfield code="z">New York (State)</subfield>
<subfield code="z">New York.</subfield>
</datafield>
<datafield ind1=" " ind2="7" tag="655">
<subfield code="a">Manuscripts.</subfield>
<subfield code="2">aat</subfield>
</datafield>
<datafield ind1=" " ind2="7" tag="655">
<subfield code="a">Correspondence.</subfield>
<subfield code="2">aat</subfield>
</datafield>
<datafield ind1=" " ind2="7" tag="655">
<subfield code="a">Sound recordings.</subfield>
<subfield code="2">aat</subfield>
</datafield>
<datafield ind1=" " ind2="7" tag="655">
<subfield code="a">Photographs.</subfield>
<subfield code="2">aat</subfield>
</datafield>
<datafield ind1=" " ind2="7" tag="655">
<subfield code="a">Radio programs.</subfield>
<subfield code="2">lcgft</subfield>
</datafield>
<datafield ind1="1" ind2=" " tag="700">
<subfield code="a">Sapoznik, Henry,</subfield>
<subfield code="e">collector.</subfield>
</datafield>
<datafield ind1=" " ind2=" " tag="852">
<subfield code="a">Library of Congress</subfield>
<subfield code="b">Archive of Folk Culture, American Folklife Center,</subfield>
<subfield code="e">
101 Independence Ave. S.E., Washington, DC USA 20540-4610
</subfield>
<subfield code="u">http://hdl.loc.gov/loc.afc/folklife.home</subfield>
</datafield>
<datafield ind1="4" ind2="2" tag="856">
<subfield code="3">Finding aid</subfield>
<subfield code="u">http://hdl.loc.gov/loc.afc/eadafc.af019003</subfield>
</datafield>
<datafield ind1=" " ind2=" " tag="985">
<subfield code="a">afc/coll</subfield>
</datafield>
<datafield ind1=" " ind2=" " tag="985">
<subfield code="a">afc/ead</subfield>
</datafield>
</record>
</collection>